@article{Predictionstudentperformance2022,
  title = {Predicting student performance based on Lecture Materials data using Neural Network Models},
  author = {Sukrit Leelaluk and Tsubasa Minematsu and Yuta Taniguchi and Fumiya Okubo and Atsushi Shimada},
  year = {2022},
  journal = {CEUR Workshop Proceedings},
  volume = {3120},
  pages = {11--20}
}
% https://www.semanticscholar.org/paper/Predicting-student-performance-based-on-Lecture-Leelaluk-Minematsu/64296ffdbf537b1224a5ad64a711a7972de6cb73
% https://kyushu-u.pure.elsevier.com/en/publications/predicting-student-performance-based-on-lecture-materials-data-us

@article{BR12020,
  title = {デジタル教材の学習ログと成績の関連分析},
  author = {椎野徹也 and 峰松翼 and 島田敬士 and 谷口倫一郎},
  year = {2020},
  journal = {情報処理学会研究報告},
  volume = {2020-CLE-30},
  number = {10},
  pages = {1--4},
}
% https://ipsj.ixsq.nii.ac.jp/ej/?action=repository_uri&item_id=203715&file_id=1&file_no=1
% https://jglobal.jst.go.jp/detail?JGLOBAL_ID=202002271222744186

@inproceedings{Shimada2019OptimizingAO,
  title={Optimizing Assignment of Students to Courses based on Learning Activity Analytics},
  author={Atsushi Shimada and Kousuke Mouri and Yuta Taniguchi and Hiroaki Ogata and {Rin-ichiro} Taniguchi and {Shin-ichi} Konomi},
  booktitle={EDM},
  year={2019}
}
% https://www.semanticscholar.org/paper/Optimizing-Assignment-of-Students-to-Courses-based-Shimada-Mouri/06a54bb9bcd79a7cba6f7237c63f5e2e09ca5d2d
% chrome-extension://efaidnbmnnnibpcajpcglclefindmkaj/https://files.eric.ed.gov/fulltext/ED599230.pdf

@article{AutomaticSummarization,
  author={Atsushi Shimada and Fumiya Okubo and Chengjiu Yin and Hiroaki Ogata},
  journal={IEEE Transactions on Learning Technologies}, 
  title={Automatic Summarization of Lecture Slides for Enhanced Student PreviewTechnical Report and User Study}, 
  year={2018},
  volume={11},
  number={2},
  pages={165-178},
  doi={10.1109/TLT.2017.2682086}
}
% https://ieeexplore.ieee.org/document/7879355

@article{Studentsreadingchara,
  title = {Exploring the use of probabilistic latent representations to encode the students' reading characteristics},
  author = {Lopez {Erwin D.} and Tsubasa Minematsu and Yuta Taniguchi and Fumiya Okubo and Atsushi Shimada},
  year = {2022},
  journal = {CEUR Workshop Proceedings},
  volume = {3120},
  pages = {1--10},
  issn = {1613-0073},
  publisher = {CEUR-WS},
}
% https://kyushu-u.pure.elsevier.com/ja/publications/exploring-the-use-of-probabilistic-latent-representations-to-enco

@article{machinelearningscorepre,
  title = {機械学習による学習者の理解度推定},
  author = {東 るみこ},
  year = {2018},
  language = {JAPANESE},
  volume = {43rd},
  pages = {1--24},
  journal = {教育システム情報学会全国大会講演論文集(CD-ROM)},
}
% https://jglobal.jst.go.jp/en/detail?JGLOBAL_ID=201902215553637640

@inproceedings{LearningAnalytics2021,
  title = {Learning Analytics of the Relationships among Knowledge Constructions, Self-regulated Learning, and Learning Performance},
  author = {Hao Hao and Geng Xuewang and Chen Li and Atsushi Shimada and Masanori Yamada},
  year = {2021},
  series = {TALE 2021 - IEEE International Conference on Engineering, Technology and Education, Proceedings},
  publisher = {Institute of Electrical and Electronics Engineers Inc.},
  pages = {290--297},
  booktitle = {TALE 2021 - IEEE International Conference on Engineering, Technology and Education, Proceedings},
}
% https://kyushu-u.pure.elsevier.com/en/publications/learning-analytics-of-the-relationships-among-knowledge-construct

@inproceedings{BRMAP2018,
  title = {BR-MAP: Concept map system using e-book logs},
  author = {Masanori Yamada and Atsushi Shimada and Misato Oi and Yuta Taniguchi and Shinichi Konomi},
  year = {2018},
  series = {Proceedings of the 15th International Conference on Cognition and Exploratory Learning in the Digital Age, CELDA 2018},
  publisher = {IADIS Press},
  pages = {248--254},
  editor = {Sampson, {Demetrios G.} and Sampson, {Demetrios G.} and Pedro Isaias and Dirk Ifenthaler and Dirk Ifenthaler and Luis Rodrigues},
  booktitle = {Proceedings of the 15th International Conference on Cognition and Exploratory Learning in the Digital Age, CELDA 2018},
}
% https://kyushu-u.pure.elsevier.com/ja/publications/br-map-concept-map-system-using-e-book-logs

@misc{BookRollgamen,
    howpublished = {https://www.leds.ait.kyushu-u.ac.jp/ja/manual/bookroll#h.8pz9mjly17c7},
    note = {last accessed on 18 January, 2023}
}

@misc{sonoisa,
    howpublished = {https://huggingface.co/sonoisa/sentence-bert-base-ja-mean-tokens-v2},
    note = {last accessed on 11 January, 2023}
}
% https://arxiv.org/abs/1908.10084

@misc{touhoku,
    howpublished = {https://huggingface.co/cl-tohoku/bert-base-japanese-whole-word-masking},
    note = {last accessed on 1 February, 2023}
}


@incollection{BookRoll,
  title = {Learning Analytics for E-Book-Based Educational Big Data in Higher Education},
  author = {Hiroaki Ogata and Misato Oi and Kousuke Mohri and Fumiya Okubo and Atsushi Shimada and Masanori Yamada and Jingyun Wang and Sachio Hirokawa},
  year = {2017},
  booktitle = {Smart Sensors at the IoT Frontier},
  publisher = {Springer, Cham},
  pages = {327--350},
}
