@article{Predictionstudentperformance2022,
  title = {Predicting student performance based on Lecture Materials data using Neural Network Models},
  author = {Sukrit, Leelaluk and Tsubasa, Minematsu and Yuta, Taniguchi and Fumiya, Okubo and Atsushi, Shimada},
  year = {2022},
  journal = {CEUR Workshop Proceedings},
  pages = {11--20}
}
% https://www.semanticscholar.org/paper/Predicting-student-performance-based-on-Lecture-Leelaluk-Minematsu/64296ffdbf537b1224a5ad64a711a7972de6cb73
% https://kyushu-u.pure.elsevier.com/en/publications/predicting-student-performance-based-on-lecture-materials-data-us

@article{BR12020,
  title = {デジタル教材の学習ログと成績の関連分析},
  author = {椎野徹也 and 峰松翼 and 島田敬士 and 谷口倫一郎},
  year = {2020},
  journal = {情報処理学会研究報告},
  volume = {2020-CLE-30},
  number = {10},
  pages = {1--4},
}
% https://ipsj.ixsq.nii.ac.jp/ej/?action=repository_uri&item_id=203715&file_id=1&file_no=1
% https://jglobal.jst.go.jp/detail?JGLOBAL_ID=202002271222744186

@article{Sentence-BERT2019,
 title = {Sentence-BERT: Sentence Embeddings using Siamese BERT-Networks},
 author = {Nils, Reimers and Iryna, Gurevych},
 year = {2019},
 journal = {??},
}
% https://arxiv.org/abs/1908.10084

@incollection{BookRoll,
  title = {Learning Analytics for E-Book-Based Educational Big Data in Higher Education},
  author = {Hiroaki, Ogata and Misato, Oi and Kousuke, Mohri and Fumiya, Okubo and Atsushi, Shimada and Masanori, Yamada and Jingyun, Wang and Sachio, Hirokawa},
  year = {2017},
  booktitle = {Smart Sensors at the IoT Frontier},
  publisher = {Springer, Cham},
  pages = {327--350},
}
% Springer, Cham(どこにいれれば)

@misc{sonoisa,
    howpublished = {https://huggingface.co/sonoisa/sentence-bert-base-ja-mean-tokens-v2},
    note = {last accessed on 11 January, 2023}
}